@article{kingma2014adam,
	title={Adam: A method for stochastic optimization},
	author={Kingma, Diederik P and Ba, Jimmy},
	journal={arXiv preprint arXiv:1412.6980},
	year={2014}
}

@inproceedings{glorot2011deep,
	title={Deep sparse rectifier neural networks},
	author={Glorot, Xavier and Bordes, Antoine and Bengio, Yoshua},
	booktitle={Proceedings of the fourteenth international conference on artificial intelligence and statistics},
	pages={315--323},
	year={2011}
}

@book{sutton1998introduction,
	title={Introduction to reinforcement learning},
	author={Sutton, Richard S and Barto, Andrew G and others},
	volume={135},
	year={1998},
	publisher={MIT press Cambridge}
}

@article{amari1998natural,
	title={Natural gradient works efficiently in learning},
	author={Amari, Shun-Ichi},
	journal={Neural computation},
	volume={10},
	number={2},
	pages={251--276},
	year={1998},
	publisher={MIT Press}
}

@article{peters2008natural,
	title={Natural actor-critic},
	author={Peters, Jan and Schaal, Stefan},
	journal={Neurocomputing},
	volume={71},
	number={7-9},
	pages={1180--1190},
	year={2008},
	publisher={Elsevier}
}

@article{mnih2013playing,
  title={Playing atari with deep reinforcement learning},
  author={Mnih, Volodymyr and Kavukcuoglu, Koray and Silver, David and Graves, Alex and Antonoglou, Ioannis and Wierstra, Daan and Riedmiller, Martin},
  journal={arXiv preprint arXiv:1312.5602},
  year={2013}
}
@article{lillicrap2015continuous,
  title={Continuous control with deep reinforcement learning},
  author={Lillicrap, Timothy P and Hunt, Jonathan J and Pritzel, Alexander and Heess, Nicolas and Erez, Tom and Tassa, Yuval and Silver, David and Wierstra, Daan},
  journal={arXiv preprint arXiv:1509.02971},
  year={2015}
}
@inproceedings{silver2014deterministic,
  title={Deterministic policy gradient algorithms},
  author={Silver, David and Lever, Guy and Heess, Nicolas and Degris, Thomas and Wierstra, Daan and Riedmiller, Martin},
  booktitle={ICML},
  year={2014}
}
@inproceedings{konda2000actor,
	title={Actor-critic algorithms},
	author={Konda, Vijay R and Tsitsiklis, John N},
	booktitle={Advances in neural information processing systems},
	pages={1008--1014},
	year={2000}
}
@book{sutton2018reinforcement,
  title={Reinforcement learning: An introduction},
  author={Sutton, Richard S and Barto, Andrew G},
  year={2018},
  publisher={MIT press}
}


