@article{cazzolato2011dynamics,
  title={On the dynamics of the Furuta pendulum},
  author={Cazzolato, Benjamin Seth and Prime, Zebb},
  journal={Journal of Control Science and Engineering},
  volume={2011},
  pages={3},
  year={2011},
  publisher={Hindawi Publishing Corp.}
}
@article{shiriaev2007virtual,
  title={Virtual-holonomic-constraints-based design of stable oscillations of Furuta pendulum: Theory and experiments},
  author={Shiriaev, Anton S and Freidovich, Leonid B and Robertsson, Anders and Johansson, Rolf and Sandberg, Anders},
  journal={IEEE Transactions on Robotics},
  volume={23},
  number={4},
  pages={827--832},
  year={2007},
  publisher={IEEE}
}
@article{gordillo2003new,
  title={A new swing-up law for the Furuta pendulum},
  author={Gordillo, F and Acosta, JA and Aracil, J},
  journal={International Journal of Control},
  volume={76},
  number={8},
  pages={836--844},
  year={2003},
  publisher={Taylor \& Francis}
}
@article{la2009new,
  title={New approach for swinging up the Furuta pendulum: Theory and experiments},
  author={La Hera, Pedro X and Freidovich, Leonid B and Shiriaev, Anton S and Mettin, Uwe},
  journal={Mechatronics},
  volume={19},
  number={8},
  pages={1240--1250},
  year={2009},
  publisher={Elsevier}
}
@inproceedings{hennig2011optimal,
  title={Optimal reinforcement learning for Gaussian systems},
  author={Hennig, Philipp},
  booktitle={Advances in Neural Information Processing Systems},
  pages={325--333},
  year={2011}
}
@article{izutsu2008swing,
  title={Swing-up of Furuta pendulum by nonlinear sliding mode control},
  author={Izutsu, Masaki and Pan, Yaodong and Furuta, Katsuhisa},
  journal={SICE Journal of Control, Measurement, and System Integration},
  volume={1},
  number={1},
  pages={12--17},
  year={2008},
  publisher={The Society of Instrument and Control Engineers}
}
@article{furuta1992swing,
  title={Swing-up control of inverted pendulum using pseudo-state feedback},
  author={Furuta, Katsuhisa and Yamakita, M and Kobayashi, S},
  journal={Proceedings of the Institution of Mechanical Engineers, Part I: Journal of Systems and Control Engineering},
  volume={206},
  number={4},
  pages={263--269},
  year={1992},
  publisher={SAGE Publications Sage UK: London, England}
}

@article{tedrake2009underactuated,
  title={Underactuated Robotics: Learning, Planning, and Control for Efficient and Agile Machines: Course Notes for MIT 6.832},
  author={Tedrake, Russ},
  journal={Working draft edition},
  volume={3},
  year={2009},
  publisher={Citeseer}
}
@incollection{spong1998underactuated,
  title={Underactuated mechanical systems},
  author={Spong, Mark W},
  booktitle={Control problems in robotics and automation},
  pages={135--150},
  year={1998},
  publisher={Springer}
}
@inproceedings{akhtaruzzaman2010modeling,
  title={Modeling and control of a rotary inverted pendulum using various methods, comparative assessment and result analysis},
  author={Akhtaruzzaman, Md and Shafie, Amir Akramin},
  booktitle={2010 IEEE International Conference on Mechatronics and Automation},
  pages={1342--1347},
  year={2010},
  organization={IEEE}
}
