@article{la2009new,
  title={New approach for swinging up the Furuta pendulum: Theory and experiments},
  author={La Hera, Pedro X and Freidovich, Leonid B and Shiriaev, Anton S and Mettin, Uwe},
  journal={Mechatronics},
  volume={19},
  number={8},
  pages={1240--1250},
  year={2009},
  publisher={Elsevier}
}
