@inproceedings{thomas2014bias,
	title={Bias in natural actor-critic algorithms},
	author={Thomas, Philip},
	booktitle={International Conference on Machine Learning},
	pages={441--448},
	year={2014}
}

@article{jurvcivcek2011natural,
	title={Natural actor and belief critic: Reinforcement algorithm for learning parameters of dialogue systems modelled as POMDPs},
	author={Jur{\v{c}}{\'\i}{\v{c}}ek, Filip and Thomson, Blaise and Young, Steve},
	journal={ACM Transactions on Speech and Language Processing (TSLP)},
	volume={7},
	number={3},
	pages={6},
	year={2011},
	publisher={ACM}
}
